@report{finalproject,
  author       = {Rúnarsson, Þór A. and Stefánsson, Gunnar Þ.}, 
  title        = {MMOs for Science: harnessing massively multiplayer gameplay to speed scientific research},
  url = {http://hdl.handle.net/1946/22152},
  month        = 6,
  year         = 2015,
}

@online{subcellatlas,
  title = {{Subcellular atlas - The Human Protein Atlas}},
  url = "http://www.proteinatlas.org/subcellular"
}
@online{playtocure,
title= {{Play to Cure: Genes in Space}},
url = "http://www.cancerresearchuk.org/support-us/play-to-cure-genes-in-space"
}

@article{sauermann,
  author = {Sauermann, H. and Franzoni, C.},
  title = {Crowd science user contribution patterns and their implications},
  journal = {{Proceedings of the National Academy of Sciences}},
  year = 2015,
  number = 3,
  volume = 112,
  pages = {679-684}
}